
<record>
  <controlfield tag="001">1707151</controlfield>
  <datafield tag="024" ind1="7" ind2=" ">
    <subfield code="2">DOI</subfield>
    <subfield code="9">EDP Sciences</subfield>
    <subfield code="a">10.1051/epjconf/201818202068</subfield>
  </datafield>
  <datafield tag="035" ind1=" " ind2=" ">
    <subfield code="9">INSPIRETeX</subfield>
    <subfield code="a">Korol:2018bqq</subfield>
  </datafield>
  <datafield tag="035" ind1=" " ind2=" ">
    <subfield code="9">DESY</subfield>
    <subfield code="z">DA18-kp51n</subfield>
  </datafield>
  <datafield tag="245" ind1=" " ind2=" ">
    <subfield code="9">EDP Sciences</subfield>
    <subfield code="a">Measurement of the hadronic cross sections with the CMD-3 and SND detectors at the VEPP-2000 collider</subfield>
  </datafield>
</record>